%% This BibTeX bibliography file was created using BibDesk.
%% http://bibdesk.sourceforge.net/


%% Created for Miquel De CÃ¡ceres Ainsa at 2012-11-07 10:14:26 +0100 


%% Saved with string encoding Unicode (UTF-8) 



@book{Legendre2012,
	Author = {Legendre, Pierre and Legendre, Louis},
	Date-Added = {2012-11-07 09:33:27 +0100},
	Date-Modified = {2012-11-07 10:14:26 +0100},
	Edition = {3rd English Edition},
	Publisher = {Elsevier Science BV, Amsterdam},
	Title = {Numerical Ecology},
	Year = {2012}}

@book{Borcard2011,
	Author = {Borcard, Daniel and Gillet, Fran{\c c}ois and Legendre, Pierre},
	Date-Added = {2012-11-07 09:23:06 +0100},
	Date-Modified = {2012-11-07 10:13:57 +0100},
	Publisher = {Springer Science, New York},
	Series = {Use R!},
	Title = {Numerical Ecology in R},
	Year = {2011}}

@article{Bowman1987,
	Author = {Bowman, D.M.J.S. and B.A. Wilson},
	Date-Added = {2012-10-11 20:58:14 +0200},
	Date-Modified = {2012-10-11 20:59:19 +0200},
	Journal = {Proceedings of the Royal Society of Queensland},
	Pages = {69--77},
	Title = {Wetland vegetation pattern on the Adelaide River flood plain, Northern Territory, Australia.},
	Volume = {97},
	Year = {1987}}

@article{DeCaceres2012,
	Author = {{De C\'{a}ceres}, Miquel and Pierre Legendre and Susan K. Wiser and Llu{\'\i}s Brotons},
	Date-Added = {2012-10-11 17:29:02 +0200},
	Date-Modified = {2012-10-11 17:31:03 +0200},
	Journal = {Methods in Ecology and Evolution},
	Pages = {in press},
	Title = {Using species combinations in indicator value analyses},
	Year = {2012}}

@article{Barkman1989,
	Author = {Barkman, J. J.},
	Doi = {10.1007/BF00042260},
	File = {:Users/miquel/Documents/Mendeley Desktop/Barkman/Vegetatio/Barkman - 1989 - Fidelity and character-species, a critical evaluation.pdf:pdf},
	Issn = {0042-3106},
	Journal = {Vegetatio},
	Keywords = {differential species,ecu,elementary coenological unit,fertility,growth form,habitat,micro-,syntaxonomy,vitality},
	Month = dec,
	Number = {1-2},
	Pages = {105--116},
	Title = {{Fidelity and character-species, a critical evaluation}},
	Url = {http://www.springerlink.com/index/10.1007/BF00042260},
	Volume = {85},
	Year = {1989},
	Bdsk-Url-1 = {http://www.springerlink.com/index/10.1007/BF00042260},
	Bdsk-Url-2 = {http://dx.doi.org/10.1007/BF00042260}}

@article{DeCaceres2008,
	Author = {{De C\'{a}ceres}, Miquel and Font, X. and Oliva, F.},
	Date-Modified = {2012-10-12 13:08:30 +0200},
	Journal = {Journal of Vegetation Science},
	Keywords = {1990,ab,abbreviations,achilleo-,ad,adonido-brometum erecti,bol\`{o}s et al,character species,fidelity measure,indicator species,nomenclature,plant community type,vegetation database},
	Month = jan,
	Number = {6},
	Pages = {779--788},
	Title = {{Assessing species diagnostic value in large data sets: A comparison between phi-coefficient and Ochiai index}},
	Volume = {19},
	Year = {2008},
	Bdsk-Url-1 = {http://doi.wiley.com/10.3170/2008-8-18446},
	Bdsk-Url-2 = {http://dx.doi.org/10.3170/2008-8-18446}}

@article{Bruelheide2000,
	Author = {Bruelheide, Helge},
	Doi = {10.2307/3236796},
	File = {:Users/miquel/Documents/Mendeley Desktop/Bruelheide/Journal of Vegetation Science/Bruelheide - 2000 - A new measure of fidelity and its application to defining species groups.pdf:pdf},
	Issn = {11009233},
	Journal = {Journal of Vegetation Science},
	Keywords = {binomial distribution,character species,cock-,definition of a vegetation,differential species,european vegetation survey,hypergeometric distribution,numerical method,phytosociological data base,tail,unit,vegetation},
	Month = feb,
	Number = {2},
	Pages = {167--178},
	Title = {{A new measure of fidelity and its application to defining species groups}},
	Url = {http://doi.wiley.com/10.2307/3236796},
	Volume = {11},
	Year = {2000},
	Bdsk-Url-1 = {http://doi.wiley.com/10.2307/3236796},
	Bdsk-Url-2 = {http://dx.doi.org/10.2307/3236796}}

@article{Goodall1953,
	Author = {Goodall, David W.},
	Doi = {10.1071/BT9530434},
	File = {:Users/miquel/Documents/Mendeley Desktop/Goodall/Australian Journal of Botany/Goodall - 1953 - Objective methods for the classification of vegetation. II. Fidelity and indicator species.pdf:pdf},
	Issn = {0067-1924},
	Journal = {Australian Journal of Botany},
	Number = {3},
	Pages = {434},
	Title = {{Objective methods for the classification of vegetation. II. Fidelity and indicator species}},
	Url = {http://www.publish.csiro.au/?paper=BT9530434},
	Volume = {1},
	Year = {1953},
	Bdsk-Url-1 = {http://www.publish.csiro.au/?paper=BT9530434},
	Bdsk-Url-2 = {http://dx.doi.org/10.1071/BT9530434}}

@article{DeCaceres2009,
	Abstract = {Ecologists often face the task of studying the association between single species and one or several groups of sites representing habitat types, community types, or other categories. Besides characterizing the ecological preference of the species, the strength of the association usually presents a lot of interest for conservation biology, landscape mapping and management, and natural reserve design, among other applications. The indices most frequently employed to assess these relationships are the phi coefficient of association and the indicator value index (IndVal). We compare these two approaches by putting them into a broader framework of related measures, which includes several new indices. We present permutation tests to assess the statistical significance of species-site group associations and bootstrap methods for obtaining confidence intervals. Correlation measures, such as the phi coefficient, are more context-dependent than indicator values but allow focusing on the preference of the species. In contrast, the two components of an indicator value index directly assess the value of the species as a bioindicator because they can be interpreted as its positive predictive value and sensitivity. Ecologists should select the most appropriate index of association strength according to their objective and then compute confidence intervals to determine the precision of the estimate.},
	Author = {{De C\'{a}ceres}, Miquel and Legendre, Pierre},
	Date-Modified = {2012-10-11 17:28:38 +0200},
	Journal = {Ecology},
	Keywords = {Animals,Biological,Data Interpretation,Ecosystem,Environmental Monitoring,Models,Species Specificity,Statistical},
	Number = {12},
	Pages = {3566--3574},
	Title = {{Associations between species and groups of sites: indices and statistical inference.}},
	Volume = {90},
	Year = {2009},
	Bdsk-Url-1 = {http://www.ncbi.nlm.nih.gov/pubmed/20120823}}

@article{DeCaceres2010,
	Author = {{De C\'{a}ceres}, Miquel and Legendre, Pierre and Moretti, Marco},
	Date-Modified = {2012-10-11 17:34:20 +0200},
	Journal = {Oikos},
	Number = {10},
	Pages = {1674--1684},
	Title = {{Improving indicator species analysis by combining groups of sites}},
	Volume = {119},
	Year = {2010},
	Bdsk-Url-1 = {http://blackwell-synergy.com/doi/abs/10.1111/j.1600-0706.2010.18334.x},
	Bdsk-Url-2 = {http://dx.doi.org/10.1111/j.1600-0706.2010.18334.x}}

@article{Botta-Dukat1999,
	Annote = {TY  - JOUR
RP  - IN FILE},
	Author = {Botta-Duk\'{a}t, Z and Borhidi, A},
	Journal = {Annali di Botanica},
	Keywords = {346,Fidelity,Phytosociology},
	Mendeley-Tags = {346},
	Pages = {73--90},
	Title = {{New objective method for calculating fidelity. Example: The illyrian beechwoods}},
	Volume = {57},
	Year = {1999}}

@article{Chytry2002,
	Author = {Chytr\'{y}, Milan and Exner, A. and Hrivn\'{a}k, R. and Ujh\'{a}zy, K. and Valachovi\v{c}, M. and Willner, W.},
	File = {:Users/miquel/Documents/Mendeley Desktop/Chytr\'{y} et al/Folia Geobotanica/Chytr\'{y} et al. - 2002 - Context-dependence of diagnostic species a case study of the central european spruce forests.pdf:pdf},
	Issn = {1211-9520},
	Journal = {Folia Geobotanica},
	Keywords = {1973,1995,bohemian massif,e hrendorfer,eastern alps,f rey et al,fidelity,nomenclature,phytosociological database,picea abies,survey,vegetation,western carpathians},
	Number = {4},
	Pages = {403--417},
	Publisher = {Springer},
	Title = {{Context-dependence of diagnostic species: a case study of the central european spruce forests}},
	Url = {http://www.springerlink.com/index/PQ141M546Q218163.pdf},
	Volume = {37},
	Year = {2002},
	Bdsk-Url-1 = {http://www.springerlink.com/index/PQ141M546Q218163.pdf}}

@article{Dufrene1997,
	Author = {Dufr\^{e}ne, Marc and Legendre, Pierre},
	Date-Modified = {2012-10-11 17:23:17 +0200},
	Journal = {Ecological Monographs},
	Number = {3},
	Pages = {345--366},
	Title = {{Species assemblages and indicator species: the need for a flexible asymmetrical approach}},
	Volume = {67},
	Year = {1997},
	Bdsk-Url-1 = {http://www.esajournals.org/doi/full/10.1890/0012-9615(1997)067%5C%5B0345%5C%3ASAAIST%5C%5D2.0.CO%5C%3B2}}

@article{Chytry2002a,
	Author = {Chytr\'{y}, Milan and Tich\'{y}, Lubom\'{\i}r and Holt, Jason and Botta-Duk\'{a}t, Zolt\'{a}n},
	Date-Modified = {2012-10-11 17:26:08 +0200},
	Journal = {Journal of Vegetation Science},
	Keywords = {1973,character species,database,differential species,ehrendorfer,frequency,indicator species,nomenclature,non-parametric statistics,phytosociological,plant community,vegetation classification},
	Number = {1},
	Pages = {79--90},
	Title = {{Determination of diagnostic species with statistical fidelity measures}},
	Volume = {13},
	Year = {2002},
	Bdsk-Url-1 = {http://doi.wiley.com/10.1111/j.1654-1103.2002.tb02025.x},
	Bdsk-Url-2 = {http://dx.doi.org/10.1111/j.1654-1103.2002.tb02025.x}}

@article{Kusbach2012,
	Author = {Kusbach, Anton\'{\i}n and Long, JN and Miegroet, Helga Van and Shultz, LM},
	Doi = {10.1139/B2012-033},
	File = {:Users/miquel/Documents/Mendeley Desktop/Kusbach et al/Botany/Kusbach et al. - 2012 - Fidelity and diagnostic species concepts in vegetation classification in the Rocky Mountains, northern Utah, USA.pdf:pdf},
	Journal = {Botany},
	Keywords = {character species,cies,classification nord-am\'{e}ricaine de la,concept des esp\`{e}ces diagnostiques,diagnostic spe-,differential species,et de fid\'{e}lit\'{e} chez,faithful species,indicator species,les auteurs ont d\'{e}velopp\'{e},les phytosociologues europ\'{e}ens,mais rarement dans la,on utilise fr\'{e}quemment le,r\'{e}sum\'{e},une classification de la,vegetation alliance,vegetation association,v\'{e}-,v\'{e}g\'{e}tation},
	Number = {July},
	Pages = {678--693},
	Title = {{Fidelity and diagnostic species concepts in vegetation classification in the Rocky Mountains, northern Utah, USA}},
	Url = {http://www.nrcresearchpress.com/doi/abs/10.1139/b2012-033},
	Volume = {693},
	Year = {2012},
	Bdsk-Url-1 = {http://www.nrcresearchpress.com/doi/abs/10.1139/b2012-033},
	Bdsk-Url-2 = {http://dx.doi.org/10.1139/B2012-033}}

@article{Tichy2006,
	Author = {Tich\'{y}, Lubom\'{\i}r and Chytr\'{y}, Milan},
	Date-Modified = {2012-10-11 17:50:24 +0200},
	Journal = {Journal of Vegetation Science},
	Keywords = {1973,ab-,community classification,dicator value index,dufr\^{e}ne-legendre in-,ehrendorfer,fidelity,nomenclature,phi coefficient,presence,sence data,vegetation database},
	Number = {6},
	Pages = {809},
	Title = {{Statistical determination of diagnostic species for site groups of unequal size}},
	Volume = {17},
	Year = {2006},
	Bdsk-Url-1 = {http://doi.wiley.com/10.1658/1100-9233(2006)17%5B809:SDODSF%5D2.0.CO;2},
	Bdsk-Url-2 = {http://dx.doi.org/10.1658/1100-9233(2006)17%5B809:SDODSF%5D2.0.CO;2}}

@article{Tsiripidis2009,
	Author = {Tsiripidis, Ioannis and Bergmeier, Erwin and Fotiadis, Georgios and Dimopoulos, Panayotis},
	Doi = {10.1111/j.1654-1103.2009.05273.x},
	File = {:Users/miquel/Documents/Mendeley Desktop/Tsiripidis et al/Journal of Vegetation Science/Tsiripidis et al. - 2009 - A new algorithm for the determination of differential taxa.pdf:pdf},
	Issn = {11009233},
	Journal = {Journal of Vegetation Science},
	Keywords = {classification,community ecology,con-,diagnostic taxa,fidelity,floristic gradients,phytosociology,stancy,syntaxonomy,vegetation},
	Month = mar,
	Number = {2},
	Pages = {233--240},
	Title = {{A new algorithm for the determination of differential taxa}},
	Url = {http://doi.wiley.com/10.1111/j.1654-1103.2009.05273.x},
	Volume = {20},
	Year = {2009},
	Bdsk-Url-1 = {http://doi.wiley.com/10.1111/j.1654-1103.2009.05273.x},
	Bdsk-Url-2 = {http://dx.doi.org/10.1111/j.1654-1103.2009.05273.x}}

@article{Willner2009,
	Author = {Willner, Wolfgang and Tich\'{y}, Lubom\'{\i}r and Chytr\'{y}, Milan},
	Doi = {10.1111/j.1654-1103.2009.05390.x},
	File = {:Users/miquel/Documents/Mendeley Desktop/Willner, Tich\'{y}, Chytr\'{y}/Journal of Vegetation Science/Willner, Tich\'{y}, Chytr\'{y} - 2009 - Effects of different fidelity measures and contexts on the determination of diagnostic species.pdf:pdf},
	Issn = {11009233},
	Journal = {Journal of Vegetation Science},
	Keywords = {abbreviations,beech forest,central europe,cover abun-,cr 5 constancy ratio,dance,dwarf shrub vegetation,pcoa 5 principal,phytosociology,vegetation classification},
	Month = feb,
	Number = {1},
	Pages = {130--137},
	Title = {{Effects of different fidelity measures and contexts on the determination of diagnostic species}},
	Url = {http://doi.wiley.com/10.1111/j.1654-1103.2009.05390.x},
	Volume = {20},
	Year = {2009},
	Bdsk-Url-1 = {http://doi.wiley.com/10.1111/j.1654-1103.2009.05390.x},
	Bdsk-Url-2 = {http://dx.doi.org/10.1111/j.1654-1103.2009.05390.x}}
